@book{Nielsen_Chuang_2010,
   place={Cambridge},
   title={Quantum Computation and Quantum Information: 10th Anniversary Edition},
   publisher={Cambridge University Press},
   author={Nielsen, Michael A. and Chuang, Isaac L.},
   year={2010}} 


@article{Qinf-bayes,
   title={Quantum inference on Bayesian networks},
   volume={89},
   ISSN={1094-1622},
   url={http://dx.doi.org/10.1103/PhysRevA.89.062315},
   DOI={10.1103/physreva.89.062315},
   number={6},
   journal={Physical Review A},
   publisher={American Physical Society (APS)},
   author={Low, Guang Hao and Yoder, Theodore J. and Chuang, Isaac L.},
   year={2014},
   month=jun }

@article{Qinf-markov,
   title={Quantum Enhanced Inference in Markov Logic Networks},
   volume={7},
   ISSN={2045-2322},
   url={http://dx.doi.org/10.1038/srep45672},
   DOI={10.1038/srep45672},
   number={1},
   journal={Scientific Reports},
   publisher={Springer Science and Business Media LLC},
   author={Wittek, Peter and Gogolin, Christian},
   year={2017},
   month=apr }

@article{tn-basics-qml,
   title={Towards quantum machine learning with tensor networks},
   volume={4},
   ISSN={2058-9565},
   url={http://dx.doi.org/10.1088/2058-9565/aaea94},
   DOI={10.1088/2058-9565/aaea94},
   number={2},
   journal={Quantum Science and Technology},
   publisher={IOP Publishing},
   author={Huggins, William and Patil, Piyush and Mitchell, Bradley and Whaley, K Birgitta and Stoudenmire, E Miles},
   year={2019},
   month=jan, pages={024001} }

@article{tnreason,
   title={The tensor network approach to neuro-symbolic AI},
   journal={ENEXA proj.},
   author={Alex Goessmann},
   year={2024},
   month=nov }

@book{probgraphmod,
author = {Koller, Daphne and Friedman, Nir},
title = {Probabilistic Graphical Models: Principles and Techniques - Adaptive Computation and Machine Learning},
year = {2009},
isbn = {0262013193},
publisher = {The MIT Press}
}

@book{AI_modern,
author = {Stuart Russell and Peter Norvig},
title = {Artificial Intelligence: A Modern Approach, Global
Edition},
year = {2021},
isbn = {978-1-292-40113-3},
publisher = {Pearson}
}


@article{NOW-exp,
url = {http://dx.doi.org/10.1561/2200000001},
year = {2008},
volume = {1},
journal = {Foundations and Trends® in Machine Learning},
title = {Graphical Models, Exponential Families, and Variational Inference},
doi = {10.1561/2200000001},
issn = {1935-8237},
number = {1–2},
pages = {1-305},
author = {Martin J. Wainwright and Michael I. Jordan}
}

@article{Geiger-exp,
author = {Dan Geiger and David Heckerman and Henry King and Christopher Meek},
title = {Stratified exponential families: Graphical models and model selection},
volume = {29},
journal = {The Annals of Statistics},
number = {2},
publisher = {Institute of Mathematical Statistics},
pages = {505 -- 529},
year = {2001},
doi = {10.1214/aos/1009210550},
URL = {https://doi.org/10.1214/aos/1009210550}
}

@article{TN-for-QML-advanced,
   title={Tensor networks for quantum machine learning},
   volume={479},
   ISSN={1471-2946},
   url={http://dx.doi.org/10.1098/rspa.2023.0218},
   DOI={10.1098/rspa.2023.0218},
   number={2275},
   journal={Proceedings of the Royal Society A: Mathematical, Physical and Engineering Sciences},
   publisher={The Royal Society},
   author={Rieser, Hans-Martin and Köster, Frank and Raulf, Arne Peter},
   year={2023},
   month=jul }

@misc{PSL,
      title={Hinge-Loss Markov Random Fields and Probabilistic Soft Logic}, 
      author={Stephen H. Bach and Matthias Broecheler and Bert Huang and Lise Getoor},
      year={2017},
      eprint={1505.04406},
      archivePrefix={arXiv},
      primaryClass={cs.LG},
      url={https://arxiv.org/abs/1505.04406}, 
}

@article{MLN,
author={Richardson, Matthew
and Domingos, Pedro},
title={Markov logic networks},
journal={Machine Learning},
year={2006},
month={Feb},
day={01},
volume={62},
number={1},
pages={107-136},
issn={1573-0565},
doi={10.1007/s10994-006-5833-1},
url={https://doi.org/10.1007/s10994-006-5833-1}
}

@misc{Grover,
      title={A fast quantum mechanical algorithm for database search}, 
      author={Lov K. Grover},
      year={1996},
      eprint={quant-ph/9605043},
      archivePrefix={arXiv},
      primaryClass={quant-ph},
      url={https://arxiv.org/abs/quant-ph/9605043}, 
}

@misc{Brassard_2002,
   title={Quantum amplitude amplification and estimation},
   ISSN={0271-4132},
   url={http://dx.doi.org/10.1090/conm/305/05215},
   DOI={10.1090/conm/305/05215},
   journal={Quantum Computation and Information},
   publisher={American Mathematical Society},
   author={Brassard, Gilles and Høyer, Peter and Mosca, Michele and Tapp, Alain},
   year={2002},
   pages={53–74} }

@article{Toward_a_broad_AI,
author = {Md Kamruzzaman Sarker and Lu Zhou and Aaron Eberhart and Pascal Hitzler},
title ={Neuro-symbolic artificial intelligence: Current trends},

journal = {AI Communications},
volume = {34},
number = {3},
pages = {197-209},
year = {2021},
doi = {10.3233/AIC-210084},

URL = {https://journals.sagepub.com/doi/abs/10.3233/AIC-210084}
}

@misc{TN_QC_medium,
   title={Exploring Tensor Network Circuits with Qiskit},
   url={https://medium.com/qiskit/exploring-tensor-network-circuits-with-qiskit-235a057c1287},
   journal={Medium - qiskit},
   author={Gopal Ramesh Dahale},
   year={2023}}

@misc{Mansky_2023,
   title={Sampling problems on a Quantum Computer},
   url={http://dx.doi.org/10.1109/QCE57702.2023.00062},
   DOI={10.1109/qce57702.2023.00062},
   booktitle={2023 IEEE International Conference on Quantum Computing and Engineering (QCE)},
   publisher={IEEE},
   author={Mansky, Maximilian Balthasar and Nüßlein, Jonas and Bucher, David and Schuman, Daniëlle and Zielinski, Sebastian and Linnhoff-Popien, Claudia},
   year={2023},
   month=sep, pages={485–495} }

@misc{PubMed,
   title={On the Applicability of Quantum Machine Learning},
   url={https://pubmed.ncbi.nlm.nih.gov/37509939/},
   DOI={10.3390/e25070992},
   publisher={PubMed},
   author={Sebastian Raubitzek, Kevin Mallinger},
   year={2023},
   month=Jun, pages={485–495} }

@article{CPdecomp,
author = {Hitchcock, Frank L.},
title = {The Expression of a Tensor or a Polyadic as a Sum of Products},
journal = {Journal of Mathematics and Physics},
volume = {6},
number = {1-4},
pages = {164-189},
doi = {https://doi.org/10.1002/sapm192761164},
url = {https://onlinelibrary.wiley.com/doi/abs/10.1002/sapm192761164},
year = {1927}
}

@misc{No_comm_theor,
author = {Youvan, Douglas},
year = {2023},
month = {12},
pages = {},
title = {Beyond the Limit: Implications and Consequences of Violating the No-Communication Theorem},
doi = {10.13140/RG.2.2.16756.32646}
}

@misc{TNforQC,
      title={Tensor networks for quantum computing}, 
      author={Aleksandr B., Minzhao L., and Atithi A.},
      year={2025},
      eprint={2503.08626},
      archivePrefix={arXiv},
      primaryClass={quant-ph},
      url={https://arxiv.org/abs/2503.08626}, 
}

@article{Ran_2020,
   title={Encoding of matrix product states into quantum circuits of one- and two-qubit gates},
   volume={101},
   ISSN={2469-9934},
   url={http://dx.doi.org/10.1103/PhysRevA.101.032310},
   DOI={10.1103/physreva.101.032310},
   number={3},
   journal={Physical Review A},
   publisher={American Physical Society (APS)},
   author={Ran, Shi-Ju},
   year={2020},
   month=mar }

@article{Suzuki_2022,
   title={A survey of multimodal deep generative models},
   volume={36},
   ISSN={1568-5535},
   url={http://dx.doi.org/10.1080/01691864.2022.2035253},
   DOI={10.1080/01691864.2022.2035253},
   number={5–6},
   journal={Advanced Robotics},
   publisher={Informa UK Limited},
   author={Suzuki, Masahiro and Matsuo, Yutaka},
   year={2022},
   month=feb, pages={261–278} }

@misc{larose2024briefhistoryquantumvs,
      title={A brief history of quantum vs classical computational advantage}, 
      author={Ryan LaRose},
      year={2024},
      eprint={2412.14703},
      archivePrefix={arXiv},
      primaryClass={quant-ph},
      url={https://arxiv.org/abs/2412.14703}, 
}

@article{Wilson_2021,
   title={Machine learning framework for quantum sampling of highly constrained, continuous optimization problems},
   volume={8},
   ISSN={1931-9401},
   url={http://dx.doi.org/10.1063/5.0060481},
   DOI={10.1063/5.0060481},
   number={4},
   journal={Applied Physics Reviews},
   publisher={AIP Publishing},
   author={Wilson, Blake A. and Kudyshev, Zhaxylyk A. and Kildishev},
   year={2021},
   month=dec }

@article{IQM2024,
  title={Demonstration of Improved Qubit Quality},
  author={IQM},
  journal={Quantum Computing Report},
  year={2024},
  url={https://quantumcomputingreport.com/iqm-demonstrates-continued-improvement-in-qubit-quality/}
}

@article{Moody2025,
  title={Quantum Computing's Six Most Important Trends for 2025},
  author={Moody's},
  journal={Moody's Analytics},
  year={2025},
  url={https://www.moodys.com/web/en/us/insights/quantum/quantum-computings-six-most-important-trends-for-2025.html}
}

@article{SpinQ2025,
  title={Quantum Hardware Challenges},
  author={SpinQ},
  journal={SpinQ News},
  year={2025},
  url={https://www.spinquanta.com/news-detail/quantum-hardware-explained-a-complete-guide}
}

@misc{NumberAnalytics2025,
  title={Real-World Applications of Probabilistic Graphical Models},
  author={Number Analytics},
  year={2025},
  url={https://www.numberanalytics.com/blog/real-world-applications-probabilistic-graphical-models-uncovered-today}
}

@misc{CS188,
  author = {UC Berkeley},
  title = {Propositional Logic I},
  year = {2024},
  url = {https://inst.eecs.berkeley.edu/~cs188/sp24/assets/lectures/cs188-sp24-lec07.pdf}
}

@article{Ghojogh2020,
  author = {Ghojogh, Benyamin and Nekoei, Hadi and Ghojogh, Aydin and Karray, Fakhri and Crowley, Mark},
  title = {Sampling Algorithms, from Survey Sampling to Monte Carlo Methods: Tutorial and Literature Review},
  journal = {arXiv preprint arXiv:2011.00901},
  year = {2020},
  url = {https://arxiv.org/abs/2011.00901}
}

@article{Lee2025,
  author = {Lee, Sarah},
  title = {Rejection Sampling: A Deep Dive},
  year = {2025},
  url = {https://www.numberanalytics.com/blog/rejection-sampling-deep-dive}
}

@article{PMC5862921,
  author = {Gamerman, Dani and Lopes, Hedibert F.},
  title = {A simple introduction to Markov Chain Monte–Carlo sampling},
  journal = {PLoS Computational Biology},
  year = {2016},
  url = {https://pmc.ncbi.nlm.nih.gov/articles/PMC5862921/}
}

@article{GFGBruteForce,
  author = {GFG},
  title = {Brute Force Approach and its pros and cons},
  year = {2024},
  url = {https://www.geeksforgeeks.org/dsa/brute-force-approach-and-its-pros-and-cons/}
}

@online{APXML2025,
  author    = {APXML},
  title     = {Complexity Theory for Classical and Quantum Algorithms},
  year      = {2025},
  url       = {https://apxml.com/courses/fundamentals-quantum-machine-learning/chapter-1-quantum-ml-foundations-revisited/complexity-theory-classical-quantum},
  note      = {Accessed: 2025-08-18}
}

@online{samplingAI,
  author    = {Rachel Gordon},
  title     = {How AI is improving simulations with smarter sampling techniques},
  year      = {2024},
  url       = {https://news.mit.edu/2024/how-ai-improving-simulations-smarter-sampling-techniques-1002},
publisher = {MIT}
}

@article{ani2021sampling,
  title={Sampling techniques},
  author={ANI, Artificial Narrow Intelligence},
  year={2021}
}


@article{symbolicAI,
  author = {Vaishak Belle},
  title = {On the relevance of logic for AI, and the
promise of neuro-symbolic learning},
  year = {2024},
publisher = {University of Edinburgh & Alan Turing Institute},
  url = {https://neurosymbolic-ai-journal.com/system/files/nai-paper-792.pdf}
}

@article{FinanceMLAI,
  author = {Smita Patil, Rahul Mailcontractor},
  title = {Impact of AI and Machine Learning on Financial Services},
  year = {2024},
doi = {10.1051/itmconf/20246801021},
publisher = {EDP sciences},
  url = {https://www.researchgate.net/publication/386985798_Impact_of_AI_and_Machine_Learning_on_Financial_Services}
}

@article{Huang_2020,
   title={Superconducting quantum computing: a review},
   volume={63},
   ISSN={1869-1919},
   url={http://dx.doi.org/10.1007/s11432-020-2881-9},
   DOI={10.1007/s11432-020-2881-9},
   number={8},
   journal={Science China Information Sciences},
   publisher={Springer Science and Business Media LLC},
   author={Huang, He-Liang and Wu, Dachao and Fan, Daojin and Zhu, Xiaobo},
   year={2020},
   month=jul }

@misc{bernardini2023quantumcomputingtrappedions,
      title={Quantum computing with trapped ions: a beginner's guide}, 
      author={Francesco Bernardini and Abhijit Chakraborty and Carlos Ordóñez},
      year={2023},
      eprint={2303.16358},
      archivePrefix={arXiv},
      primaryClass={quant-ph},
      url={https://arxiv.org/abs/2303.16358}, 
}

@article{trappedion_alltoall,
  title = {A Race-Track Trapped-Ion Quantum Processor},
  author = {Moses, S. A. and Baldwin, C. H. et. al.},
  journal = {Phys. Rev. X},
  volume = {13},
  issue = {4},
  pages = {041052},
  numpages = {25},
  year = {2023},
  month = {Dec},
  publisher = {American Physical Society},
  doi = {10.1103/PhysRevX.13.041052},
  url = {https://link.aps.org/doi/10.1103/PhysRevX.13.041052}
}


@article{trappedion_error,
  title = {Error mitigation, optimization, and extrapolation on a trapped-ion testbed},
  author = {Maupin, Oliver G. et. al.},
  journal = {Phys. Rev. A},
  volume = {110},
  issue = {3},
  pages = {032416},
  numpages = {18},
  year = {2024},
  month = {Sep},
  publisher = {American Physical Society},
  doi = {10.1103/PhysRevA.110.032416},
  url = {https://link.aps.org/doi/10.1103/PhysRevA.110.032416}
}

@online{trappedion_qubitsnumber,
  author    = {IonQ Staff},
  title     = {IonQ's Accelerated Roadmap: Turning Quantum Ambition into Reality},
  year      = {2025},
  url       = {https://ionq.com/blog/ionqs-accelerated-roadmap-turning-quantum-ambition-into-reality}
}

@online{ionq_roadmap,
  author    = {Marin Ivezic},
  title     = {IonQ’s 2025 Roadmap: Toward a Cryptographically Relevant Quantum Computer by 2028},
  year      = {2025},
  url       = {https://postquantum.com/industry-news/ionqroadmap-crqc/}
}





